@article{macia2008evaluation,
  title={Evaluation of a low-rate DoS attack against application servers},
  author={Maci{\'a}-Fern{\'a}ndez, Gabriel and D{\'\i}az-Verdejo, Jes{\'u}s E and Garc{\'\i}a-Teodoro, Pedro},
  journal={computers \& security},
  volume={27},
  number={7},
  pages={335--354},
  year={2008},
  publisher={Elsevier}
}

@misc{fases-digitalizacion,
	title={Digitization capability and the digitalization of business models in business-to-business firms: Past, present, and future},
	author={Thomas Ritter & Carsten Lund Pedersen},
	year={2020},
	note="\url{https://www.sciencedirect.com/science/article/pii/S0019850119300999}"
}

@misc{computacioncuantica-criptografia,
	title={La computación cuántica y el "futuro de la criptografía": la criptografía post-cuántica},
	author={Alfonso Muñoz y Jose Ignacio Escribano},
	year={2020},
	publisher={NextTecnologiesBBVA},
	note="\url{https://www.bbvanexttechnologies.com/la-computacion-cuantica-y-el-futuro-de-la-criptografia-la-criptografia-post-cuantica/}"
}

@misc{cumputacioncuanticaclasica,
	title={Computación cuántica y blockchain mitos y realidades},
	author={Ahmed Banafa},
	year={2019},
	publisher={OpendMindBBVA},
	note="\url{https://www.bbvaopenmind.com/tecnologia/mundo-digital/computacion-cuantica-y-blockchain-mitos-y-realidades/}"
}

@misc{computacioncuanticawiki,
	title={Computación cuántica Wikipedia},
	note="\url{https://es.wikipedia.org/wiki/Computaci\%C3\%B3n\_cu\%C3\%A1ntica}"
}

@misc{firmaDigital,
	title={Firma digital},
	note="\url{https://www.cert.fnmt.es/content/pages_std/html/tutoriales/tuto7.htm}"
}

@misc{blockchain,
	title={Blockchain: qué es, cómo funciona y cómo se está usando en el mercado},
	author={Cecilia Pastorino},
	year={2018},
	note="\url{https://www.welivesecurity.com/la-es/2018/09/04/blockchain-que-es-como-funciona-y-como-se-esta-usando-en-el-mercado/}"
}


